<?xml version="1.0" encoding="UTF-8"?><collection xmlns="http://www.loc.gov/MARC21/slim"><record><leader>00404nam--2200121-i-4500</leader><controlfield tag="001">000047202</controlfield><controlfield tag="002">20161230</controlfield><controlfield tag="005">20161230201046</controlfield><controlfield tag="008">060222s1000------------r-----000-0-eng-d</controlfield><datafield ind1=" " ind2=" " tag="100"><subfield code="a">Weiss, A.Von</subfield></datafield><datafield ind1=" " ind2=" " tag="245"><subfield code="a">Ubersicht uber die theoretische elektrotechnik. repetitorium und anleitung zur durcharbeit der grundlagen. teil ii: ausgewalte kapitel und aufgaben</subfield></datafield><datafield ind1=" " ind2=" " tag="260"><subfield code="a">Fussen, Winter, 1954-56</subfield></datafield><datafield ind1=" " ind2=" " tag="852"><subfield code="a">11607</subfield></datafield></record></collection>